<?xml version="1.0" encoding="UTF-8"?><collection xmlns="http://www.loc.gov/MARC21/slim"><record><leader>00414nam--2200121-i-4500</leader><controlfield tag="001">000022248</controlfield><controlfield tag="002">20161230</controlfield><controlfield tag="005">20161230201034</controlfield><controlfield tag="008">060222s1000------------r-----000-0-eng-d</controlfield><datafield ind1=" " ind2=" " tag="100"><subfield code="a">Grundwald, Ernest</subfield></datafield><datafield ind1=" " ind2=" " tag="245"><subfield code="a">Leffler, john e</subfield></datafield><datafield ind1=" " ind2=" " tag="260"><subfield code="a">Rates And Equilibria Of Organic Reactions.As Treated By Statistical, Thermodynamic, And Extrathermodynamic Methods</subfield></datafield><datafield ind1=" " ind2=" " tag="490"><subfield code="a">New York, John Wiley And Sons, Inc., 1963. Xvi+458p</subfield></datafield></record></collection>